@INPROCEEDINGS{structural,
    author = {Ning Xu and Sumit Rangwala and Alan Broad},
    title = {A Wireless Sensor Network for Structural Monitoring},
    booktitle = {In SenSys},
    year = {2004},
    pages = {13--24},
    publisher = {ACM Press}
}

@INPROCEEDINGS{habitat,
	author = {A Mainwaring and J Polastre and R Szewczyk and D Culler and J Anderson},
	title = {Wireless sensor networks for habitat monitoring},
	booktitle = {},
	year = {2002},
	pages = {88--97}
}

@INPROCEEDINGS{energyaware,
	author = {K Barr and K Asanovic},
	title = {Energy aware lossless data compression},
	booktitle = {},
	year = {2003},
	pages = {231--244}
}

@INPROCEEDINGS{lzw,
    author = {T A Welch},
    title = {A technique for high performance data compression},
    booktitle = {IEEE Computer},
    volume = {17,6},
    year = {1984},
    pages = {8--19},
}

@ARTICLE{lz77,
    author = {Jacob Ziv and Abraham Lempel},
    title = {A universal algorithm for sequential data compression},
    journal = {IEEE Transactions on Information Theory},
    year = {1977},
    volume = {23},
    pages = {337--343}
}