@INPROCEEDINGS{lzw,
    author = {T A Welch},
    title = {A technique for high performance data compression},
    booktitle = {IEEE Computer},
    volume = {17,6},
    year = {1984},
    pages = {8--19},
}

@ARTICLE{lz77,
    author = {Jacob Ziv and Abraham Lempel},
    title = {A universal algorithm for sequential data compression},
    journal = {IEEE Transactions on Information Theory},
    year = {1977},
    volume = {23},
    pages = {337--343}
}

@inproceedings{telos,
 author = {Polastre,, Joseph and Szewczyk,, Robert and Culler,, David},
 title = {Telos: enabling ultra-low power wireless research},
 booktitle = {IPSN '05: Proceedings of the 4th international symposium on Information processing in sensor networks},
 year = {2005},
 isbn = {0-7803-9202-7},
 pages = {48},
 location = {Los Angeles, California},
 publisher = {IEEE Press},
 address = {Piscataway, NJ, USA},
 }

@inproceedings{gdi-sensys04,
    Author = {Robert Szewczyk and Alan Mainwaring and Joseph Polastre and   David Culler},
    Booktitle = proc # {Second ACM Conference on Embedded Networked Sensor    Systems (SenSys)},
    Date = {November 3-5},
    Date-Added = {2008-04-13 11:47:28 -0400},
    Date-Modified = {2008-04-13 11:47:28 -0400},
    Title = {An Analysis of a Large Scale Habitat Monitoring Application},
    Year = {2004}}

@inproceedings{brimon,
    Address = {Breckenridge, CO},
    Author = {Kameswari Chebrolu and Bhaskaran Raman and Nilesh Mishra and Phani Kumar Valiveti and Raj Kumar},
    Booktitle = proc # {Sixth International Conference on Mobile Systems, Applications, and Services (MobiSys)},
    Date-Added = {2008-04-13 11:47:28 -0400},
    Date-Modified = {2008-04-13 11:47:28 -0400},
    Month = {June},
    Title = {{BriMon: A Sensor Network System for Railway Bridge Monitoring}},
    Year = 2008}

@inproceedings{netshm-spots06,
    Author = {Krishna Chintalapudi and Jeongyeup Paek and Omprakash Gnawali and Tat Fu and Karthik Dantu and John Caffrey and Ramesh Govindan and Erik Johnson},
    Booktitle = proc # {Fifth International Conference on Information Processing in Sensor Networks: Special track on Sensor Platform   Tools and Design Methods for Networked Embedded Systems (IPSN/SPOTS'06)},
    Date-Added = {2008-04-13 11:34:08 -0400},
    Date-Modified = {2008-04-13 11:34:08 -0400},
    Month = {April},
    Title = {{Structural Damage Detection and Localization Using NetSHM}},
    Year = 2006}

@inproceedings{ggb-monitoring,
    Address = {Stanford, CA},
    Author = {Shamim N. Pakzad and Sukun Kim and Gregory L Fenves and    Steven D. Glaser and David E. Culler and James W. Demmel},
    Booktitle = proc # {5th International Workshop on Structural Health    Monitoring (IWSHM 2005)},
    Date-Added = {2008-04-13 11:47:28 -0400},
    Date-Modified = {2008-04-13 11:47:28 -0400},
    Month = {September},
    Title = {Multi-Purpose Wireless Accelerometers for Civil Infrastructure Monitoring},
    Year = 2005}

@article{ucla-seismic,
    Author = {A. Husker and I. Stubailo and M. Lukac and V. Naik and R. Guy and P. Davis and D. Estrin},
    Date-Added = {2008-04-13 11:47:28 -0400},
    Date-Modified = {2008-04-13 11:47:28 -0400},
    Journal = {Seismological Research Letters},
    Month = {May/June},
    Title = {WiLSoN: The Wirelessly Linked Seismological Network and its  application in the Middle American Subduction Experiment (MASE)},
    Year = 2008}

@inproceedings{volcano-osdi06,
    Address = {Seattle, WA},
    Author = {Geoff Werner-Allen and Konrad Lorincz and Jeff Johnson and   Jonathan Lees and Matt Welsh},
    Booktitle = proc # {7th USENIX Symposium on   Operating Systems Design and Implementation (OSDI 2006)},
    Date-Added = {2008-04-13 11:47:28 -0400},
    Date-Modified = {2008-04-13 11:47:28 -0400},
    Month = {November},
    Title = {Fidelity and Yield in a Volcano Monitoring Sensor Network},
    Year = 2006}


@inproceedings{girod-marmots,
    Address = {Cambridge, MA},
    Author = {Andreas M. Ali and Kung Yao and Travis C. Collier and  Charles E. Taylor and Daniel T. Blumstein and Lewis Girod},
    Booktitle = {IPSN '07: Proceedings of the 6th international   conference on Information processing in sensor networks},
    Date-Added = {2008-04-13 11:47:28 -0400},
    Date-Modified = {2008-04-13 11:47:28 -0400},
    Title = {An empirical study of collaborative acoustic source localization},
    Year = {2007}}

@inproceedings{enviromic,
    Author = {L. Luo and Q. Cao and C. Huang and T. Abdelzaher and    J. A. Stankovic and M.  Ward},
    Booktitle = proc # {27th International Conference on Distributed    Computing Systems (ICDCS '07)},
    Date-Added = {2008-04-13 11:47:28 -0400},
    Date-Modified = {2008-04-13 11:47:28 -0400},
    Month = {June},
    Title = {Enviromic: Towards cooperative storage and retrieval in audio   sensor networks},
    Year = 2007}

@article{intel-msp,
    Author = {Choudhury, Tanzeem and Borriello, Gaetano and Consolvo,  Sunny and Haehnel, Dirk and Harrison, Beverly and Hemingway, Bruce  and Hightower, Jeffrey and Klasnja, Pedja and Koscher, Karl and  LaMarca, Anthony and Landay, James A. and LeGrand, Louis and Lester,  Jonathan and Rahimi, Ali and Rea, Adam and Wyatt, Danny},
    Date-Added = {2008-04-13 11:47:28 -0400},
    Date-Modified = {2008-04-13 11:47:28 -0400},
    Journal = {IEEE Pervasive Magazine},
    Month = {April},
    Title = {The Mobile Sensing Platform: An Embedded System for  Capturing and Recognizing Activities},
    Year = 2008}

@inproceedings{satire,
    Address = {Uppsala, Sweden},
    Author = {Raghu Ganti and Praveen Jayachandran and Tarek Abdelzaher and John Stankovic},
    Booktitle = proc # {ACM Mobisys},
    Date-Added = {2008-04-13 11:47:28 -0400},
    Date-Modified = {2008-04-13 11:47:28 -0400},
    Month = {June},
    Title = {{SATIRE: A Software Architecture for Smart AtTIRE}},
    Year = 2006}

@inproceedings{parkinsons-embs07,
    Author = {Shyamal Patel and Konrad Lorincz and Richard Hughes and    Nancy Huggins and John H. Growdon and Matt Welsh and Paolo Bonato},
    Booktitle = proc # {29th IEEE EMBS Annual International Conference},
    Date-Added = {2008-04-13 11:47:28 -0400},
    Date-Modified = {2008-04-13 11:47:28 -0400},
    Month = {August},
    Title = {Analysis of Feature Space for Monitoring Persons with {Parkinson's Disease} With Application to a Wireless Wearable Sensor System},
    Year = 2007}

@ARTICLE{cleary,
    author = {John G. Cleary and Ian and Ian H. Witten},
    title = {Data Compression Using Adaptive Coding and Partial String Matching},
    journal = {IEEE Transactions on Communications},
    year = {1984},
    volume = {32},
    pages = {396--402}
}


@article{huffman,
	abstract = {An optimum method of coding an ensemble of messages consisting of a finite number of members is developed. A minimum-redundancy code is one constructed in such a way that the average number of coding digits per message is minimized.},
	author = {Huffman, D. A. },
	citeulike-article-id = {1320251},
	journal = {Proceedings of the IRE},
	keywords = {algorithms, compression, information-theory, redundancy},
	number = {9},
	pages = {1098--1101},
	posted-at = {2008-02-26 19:21:13},
	priority = {3},
	title = {A Method for the Construction of Minimum-Redundancy Codes},
	url = {http://ieeexplore.ieee.org/xpls/abs\_all.jsp?arnumber=4051119},
	volume = {40},
	year = {1952}
}

@article{barr,
 author = {Barr,, Kenneth C. and Asanovi\'{c},, Krste},
 title = {Energy-aware lossless data compression},
 journal = {ACM Trans. Comput. Syst.},
 volume = {24},
 number = {3},
 year = {2006},
 issn = {0734-2071},
 pages = {250--291},
 doi = {http://doi.acm.org/10.1145/1151690.1151692},
 publisher = {ACM},
 address = {New York, NY, USA},
 }

@inproceedings{strydis,
 author = {Strydis,, Christos and Gaydadjiev,, Georgi N.},
 title = {Profiling of lossless-compression algorithms for a novel biomedical-implant architecture},
 booktitle = {CODES/ISSS '08: Proceedings of the 6th IEEE/ACM/IFIP international conference on Hardware/Software codesign and system synthesis},
 year = {2008},
 isbn = {978-1-60558-470-6},
 pages = {109--114},
 location = {Atlanta, GA, USA},
 doi = {http://doi.acm.org/10.1145/1450135.1450160},
 publisher = {ACM},
 address = {New York, NY, USA},
 }

@inproceedings{s-lzw,
 author = {Sadler,, Christopher M. and Martonosi,, Margaret},
 title = {Data compression algorithms for energy-constrained devices in delay tolerant networks},
 booktitle = {SenSys '06: Proceedings of the 4th international conference on Embedded networked sensor systems},
 year = {2006},
 isbn = {1-59593-343-3},
 pages = {265--278},
 location = {Boulder, Colorado, USA},
 doi = {http://doi.acm.org/10.1145/1182807.1182834},
 publisher = {ACM},
 address = {New York, NY, USA},
 }
